%% LaTeX2e file `111.bib'
%% generated by the `filecontents' environment
%% from source `111' on 2021/09/10.
%%
@article{Bli74,
  author = {Blinder, Alan S.},
  year = {1974},
  title = {The economics of brushing teeth},
  journaltitle = {Journal of Political Economy},
  volume = {82},
  number = {4},
  pages = {887--891},
}
